<?xml version="1.0" encoding="UTF-8"?><collection xmlns="http://www.loc.gov/MARC21/slim"><record><leader>00379nam--2200121-i-4500</leader><controlfield tag="001">000005503</controlfield><controlfield tag="002">20161230</controlfield><controlfield tag="005">20161230201026</controlfield><controlfield tag="008">060222s1000------------r-----000-0-eng-d</controlfield><datafield ind1=" " ind2=" " tag="245"><subfield code="a">Bericht uber die tatigkeit der schweizerischen studienkommission fur atomenergie von 1946 bis 1958</subfield></datafield><datafield ind1=" " ind2=" " tag="260"><subfield code="a">Basel, Birkhauser, 1960 112 P</subfield></datafield><datafield ind1=" " ind2=" " tag="490"><subfield code="a">Experimentia Supplementum Viii</subfield></datafield><datafield ind1=" " ind2=" " tag="852"><subfield code="a">16314</subfield></datafield></record></collection>